<record><leader>00000cas a2200000 a 4500</leader><controlfield tag="001">11617495</controlfield><controlfield tag="008">850125d184418uuvtuwr ne      0    0eng d</controlfield><datafield ind1=" " ind2=" " tag="010"><subfield code="a">sn 85025255 </subfield></datafield><datafield ind1=" " ind2=" " tag="040"><subfield code="a">NPX</subfield><subfield code="b">eng</subfield><subfield code="c">NPX</subfield><subfield code="d">MGN</subfield><subfield code="d">NVN</subfield><subfield code="d">OCL</subfield><subfield code="d">NVN</subfield><subfield code="d">OCLCQ</subfield><subfield code="d">OCLCF</subfield><subfield code="d">OCLCO</subfield></datafield><datafield ind1=" " ind2=" " tag="042"><subfield code="a">msc</subfield></datafield><datafield ind1=" " ind2=" " tag="043"><subfield code="a">n-us-vt</subfield></datafield><datafield ind1="0" ind2=" " tag="130"><subfield code="a">Vermont journal (Springfield, Vt.)</subfield></datafield><datafield ind1="1" ind2="0" tag="245"><subfield code="a">Vermont journal.</subfield></datafield><datafield ind1=" " ind2=" " tag="260"><subfield code="a">Springfield, Vt. :</subfield><subfield code="b">L.J. McIndoe</subfield></datafield><datafield ind1=" " ind2=" " tag="300"><subfield code="a">v.</subfield></datafield><datafield ind1=" " ind2=" " tag="310"><subfield code="a">Weekly</subfield></datafield><datafield ind1="1" ind2=" " tag="362"><subfield code="a">Began in 1844?</subfield></datafield><datafield ind1=" " ind2=" " tag="500"><subfield code="a">Printed by L.J. McIndoe at Windsor, Vt., and distributed in separate by substantially identical geographic editions throughout the state. Bibliographical similarities among these editions include text and advertisements.</subfield></datafield><datafield ind1=" " ind2=" " tag="580"><subfield code="a">Issued with: Valley farmer (Springfield, Vt.).</subfield></datafield><datafield ind1=" " ind2=" " tag="588"><subfield code="a">Description based on: Vol. 25, no. 37 (Sept. 11, 1869) = Whole no. 1312.</subfield></datafield><datafield ind1=" " ind2="0" tag="651"><subfield code="a">Springfield (Vt.)</subfield><subfield code="v">Newspapers.</subfield></datafield><datafield ind1=" " ind2="0" tag="651"><subfield code="a">Vermont</subfield><subfield code="v">Newspapers.</subfield></datafield><datafield ind1=" " ind2="7" tag="655"><subfield code="a">Newspapers.</subfield><subfield code="2">fast</subfield><subfield code="0">(OCoLC)fst01423814</subfield></datafield><datafield ind1=" " ind2="7" tag="651"><subfield code="a">Vermont.</subfield><subfield code="2">fast</subfield><subfield code="0">(OCoLC)fst01204305</subfield></datafield><datafield ind1=" " ind2="7" tag="651"><subfield code="a">Vermont</subfield><subfield code="z">Springfield.</subfield><subfield code="2">fast</subfield><subfield code="0">(OCoLC)fst01224803</subfield></datafield><datafield ind1="1" ind2=" " tag="700"><subfield code="a">McIndoe, L. J.,</subfield><subfield code="d">1819-1873.</subfield></datafield><datafield ind1=" " ind2=" " tag="752"><subfield code="a">United States</subfield><subfield code="b">Vermont</subfield><subfield code="c">Windsor</subfield><subfield code="d">Springfield.</subfield></datafield><datafield ind1="0" ind2=" " tag="775"><subfield code="t">Vermont journal (Windsor, Vt. : 1844)</subfield><subfield code="w">(DLC)sn 84022091</subfield><subfield code="w">(OCoLC)10288261</subfield></datafield><datafield ind1="0" ind2=" " tag="775"><subfield code="t">Vermont journal (Bradford, Vt.)</subfield><subfield code="w">(DLC)sn 85025251</subfield><subfield code="w">(OCoLC)11615716</subfield></datafield><datafield ind1="0" ind2=" " tag="775"><subfield code="t">Vermont journal (West Randolph, Vt.)</subfield><subfield code="w">(DLC)sn 85025252</subfield><subfield code="w">(OCoLC)11617409</subfield></datafield><datafield ind1="0" ind2=" " tag="775"><subfield code="t">Vermont journal (South Royalton, Vt.)</subfield><subfield code="w">(DLC)   85025253</subfield><subfield code="w">(OCoLC)11617448</subfield></datafield><datafield ind1="0" ind2=" " tag="775"><subfield code="t">Vermont journal (Saint Johnsbury, Vt.)</subfield><subfield code="w">(DLC)sn 85025254</subfield><subfield code="w">(OCoLC)11617480</subfield></datafield><datafield ind1="0" ind2=" " tag="775"><subfield code="t">Vermont journal (Brattleboro, Vt.)</subfield><subfield code="w">(DLC)sn 85025256</subfield><subfield code="w">(OCoLC)11617512</subfield></datafield><datafield ind1="0" ind2=" " tag="777"><subfield code="t">Valley farmer (Springfield, Vt.)</subfield><subfield code="w">(DLC)sn 98060140</subfield><subfield code="w">(OCoLC)39823081</subfield></datafield></record>